<record xmlns="http://www.loc.gov/MARC21/slim" xmlns:xsi="http://www.w3.org/2001/XMLSchema-instance" xsi:schemaLocation="http://www.loc.gov/MARC21/slim http://www.loc.gov/standards/marcxml/schema/MARC21slim.xsd"><leader>01246nam a2200277   4500</leader><controlfield tag="001">001680269</controlfield><controlfield tag="003">NNU</controlfield><controlfield tag="006">m        d        </controlfield><controlfield tag="007">cr cn |||m|||a</controlfield><controlfield tag="008">140707s1968    iq h    ob    000 0 ararc</controlfield><datafield ind1=" " ind2=" " tag="040"><subfield code="a">NNU</subfield><subfield code="b">eng</subfield><subfield code="c">NNU</subfield></datafield><datafield ind1="0" ind2=" " tag="100"><subfield code="a">Nu&#699;m&#257;n ibn Bash&#299;r al-An&#7779;&#257;r&#299;,</subfield><subfield code="d">623-684 or 5.</subfield></datafield><datafield ind1="1" ind2="0" tag="245"><subfield code="a">Shi&#699;r</subfield><subfield code="h">[electronic resource]</subfield><subfield code="c">al-Nu&#699;m&#257;n ibn Bash&#299;r al-An&#7779;&#257;r&#299;, &#7717;qaqaqahu wa-qaddama lahu Ya&#7717;y&#257; al-Jub&#363;r&#299;.</subfield></datafield><datafield ind1=" " ind2=" " tag="250"><subfield code="a">[al-&#7789;ab&#699;ah 1]</subfield></datafield><datafield ind1=" " ind2=" " tag="260"><subfield code="a">Baghd&#257;d,</subfield><subfield code="b">Ma&#7789;ba&#699;at al-ma&#699;&#257;rif</subfield><subfield code="c">[1968]</subfield></datafield><datafield ind1=" " ind2=" " tag="300"><subfield code="a">online resource (199 p.) :</subfield><subfield code="b">facsims.</subfield></datafield><datafield ind1=" " ind2=" " tag="500"><subfield code="a">Cover title: Shi&#700;r al-Nu&#700;man ibn Bashir al-Ansari.</subfield></datafield><datafield ind1=" " ind2=" " tag="500"><subfield code="a">Part of the Arabic Collections Online (ACO) project, contributed by New York Univeristy Libraries.</subfield></datafield><datafield ind1=" " ind2=" " tag="504"><subfield code="a">Bibliography: p. 165-170.</subfield></datafield><datafield ind1=" " ind2=" " tag="533"><subfield code="a">Electronic reproduction.</subfield><subfield code="b">New York, N.Y. :</subfield><subfield code="c">New York University,</subfield><subfield code="d">2014.</subfield><subfield code="5">NNU</subfield></datafield><datafield ind1="1" ind2=" " tag="700"><subfield code="a">Jub&#363;r&#299;, Ya&#7717;y&#257; Wuhayyib.</subfield></datafield><datafield ind1="2" ind2=" " tag="710"><subfield code="a">New York University.</subfield><subfield code="b">Libraries.</subfield></datafield><datafield ind1="0" ind2=" " tag="730"><subfield code="a">Arabic Collections Online.</subfield></datafield><datafield ind1="0" ind2="8" tag="776"><subfield code="i">Print version:</subfield><subfield code="a">Nu&#699;m&#257;n ibn Bash&#299;r al-An&#7779;&#257;r&#299;, 623-684 or 5.</subfield><subfield code="t">Shi&#699;r</subfield><subfield code="w">(NNU)001680269</subfield><subfield code="w">(DLC)ne 68004096</subfield></datafield><datafield ind1="4" ind2="0" tag="856"><subfield code="u">http://hdl.handle.net/2333.1/jm63xvc9</subfield></datafield><datafield ind1=" " ind2=" " tag="959"><subfield code="a">NNU</subfield><subfield code="b">WEB</subfield><subfield code="c">GENI</subfield><subfield code="t">0</subfield><subfield code="m">Electronic access</subfield><subfield code="s">01</subfield></datafield></record>